<?xml version="1.0" encoding="UTF-8"?><record xmlns="http://www.loc.gov/MARC21/slim" xmlns:cinclude="http://apache.org/cocoon/include/1.0" xmlns:zs="http://www.loc.gov/zing/srw/">
  <leader>00799cz  a2200205n  4500</leader>
  <controlfield tag="001">no2002070251</controlfield>
  <controlfield tag="003">DLC</controlfield>
  <controlfield tag="005">20081025082019.0</controlfield>
  <controlfield tag="008">020805n| acannaabn          |b aaa     c</controlfield>
  <datafield tag="010" ind1=" " ind2=" ">
    <subfield code="a">no2002070251</subfield>
  </datafield>
  <datafield tag="035" ind1=" " ind2=" ">
    <subfield code="a">(OCoLC)oca05830135</subfield>
  </datafield>
  <datafield tag="040" ind1=" " ind2=" ">
    <subfield code="a">OU</subfield>
    <subfield code="b">eng</subfield>
    <subfield code="c">OU</subfield>
    <subfield code="d">OCoLC</subfield>
  </datafield>
  <datafield tag="100" ind1="1" ind2=" ">
    <subfield code="a">Yadid, Menaḥem,</subfield>
    <subfield code="d">1919-</subfield>
  </datafield>
  <datafield tag="400" ind1="1" ind2=" ">
    <subfield code="a">Yedid, Menaḥem,</subfield>
    <subfield code="d">1919-</subfield>
  </datafield>
  <datafield tag="400" ind1="1" ind2=" ">
    <subfield code="a">ידיד, מנחם</subfield>
  </datafield>
  <datafield tag="400" ind1="1" ind2=" ">
    <subfield code="a">ידיד, מנחם,</subfield>
    <subfield code="d">1919־</subfield>
  </datafield>
  <datafield tag="400" ind1="1" ind2=" ">
    <subfield code="a">ידיד, מנחם,</subfield>
    <subfield code="d">9191־</subfield>
  </datafield>
  <datafield tag="667" ind1=" " ind2=" ">
    <subfield code="a">Machine-derived non-Latin script reference project.</subfield>
  </datafield>
  <datafield tag="667" ind1=" " ind2=" ">
    <subfield code="a">Non-Latin script references not evaluated.</subfield>
  </datafield>
  <datafield tag="670" ind1=" " ind2=" ">
    <subfield code="a">His Yedid nefesh, 2001:</subfield>
    <subfield code="b">t.p. (Menaḥem Yadid) p. 13, etc. (son of Yom Ṭov Yadid ha-Leṿi; b. 1919 in Allepo, Syria; imm. to Palestine in 1935; member of the Irgun; and member of Keneset (1966-1977)</subfield>
  </datafield>
</record>